
@book {GenProUserGuide,
       authors     = {Gacnik, B., and B. Lackman},
       year        = {1983},
       title       = {{GenPro: GENeral Scientific Data PROcessor: User Guide}, % , Release 1.0
       number      = {NCAR/TN-208+IA},
       doi         = {10.5065/D6H70CRD},
       url         = {https://opensky.ucar.edu/islandora/object/technotes%3A310},
       institution = {National Center for Atmospheric Science},
       address     = {Boulder, Colorado}
}

@book {GenProRefMan,
       author      = {Gacnik, B., and B. Lackman},
       year        = {1983},
       title       = {GenPro: GEN Scientific Data Processor; Reference Manual}, %, Release 1.0},
       number      = {NCAR/TN-209+IA},
       doi         = {10.5065/D6V122Q1},
       url         = {https://opensky.ucar.edu/islandora/object/technotes%3A311},
       institution = {National Center for Atmospheric Science},
       address     = {Boulder, Colorado}
}